@article{Bremm2011,
author = {Bremm, S. and von Landesberger, T. and He{\ss}, M. and Schreck, T. and Weil, P. and Hamacherk, K.},
title = {{Interactive visual comparison of multiple trees}},
journal = {Visual Analytics Science and Technology (VAST), 2011 IEEE Conference on},
year = {2011},
pages = {31--40}
}

@article{Darlu2011,
author = {Darlu, P. and Gu{\'e}noche, A.},
title = {{TreeOfTrees Method to Evaluate the Congruence Between Gene Trees}},
journal = {Journal of Classification},
year = {2011},
number = {28},
pages = {390--403}
}

@article{Larget2010,
author = {Larget, Bret R and Kotha, Satish K and Dewey, Colin N and An{\'e}, C{\'e}cile},
title = {{BUCKy: gene tree/species tree reconciliation with Bayesian concordance analysis}},
journal = {Bioinformatics (Oxford, England)},
year = {2010},
volume = {26},
number = {22},
pages = {2910--2911},
month = nov
}

@article{Ane2007,
author = {An{\'e}, C{\'e}cile and Larget, Bret and Baum, David A and Smith, Stacey D and Rokas, Antonis},
title = {{Bayesian estimation of concordance among gene trees}},
journal = {Molecular Biology and Evolution},
year = {2007},
volume = {24},
number = {2},
pages = {412--426},
month = feb
}

@article{Rannala2003,
author = {Rannala, Bruce and Yang, Ziheng},
title = {{Bayes estimation of species divergence times and ancestral population sizes using DNA sequences from multiple loci}},
journal = {Genetics},
year = {2003},
volume = {164},
number = {4},
pages = {1645--1656},
month = aug
}

@article{Felsenstein1981,
author = {Felsenstein, J},
title = {{Evolutionary trees from DNA sequences: a maximum likelihood approach}},
journal = {Journal of molecular evolution},
year = {1981},
volume = {17},
number = {6},
pages = {368--376}
}

@article{Leigh2011,
    author = {Leigh, J.W. and Schliep, K. and Lopez, P. and Bapteste, E},
    title = {{Let them fall where they may: congruence analysis in massive 
        phylogenetically messy data sets}},
    journal = {Molecular Biology and Evolution},
    year = {2011},
    volume = {28},
    number = {10},
    pages = {2773--2785}
}
