%% Created using Papers on Tue, 03 Jul 2012.
%% http://mekentosj.com/papers/

@article{Robinson:1981ti,
author = {Robinson, DF and Foulds, L.R.},
title = {{Comparison of phylogenetic trees}},
journal = {Mathematical Biosciences},
year = {1981},
volume = {53},
number = {1-2},
pages = {131--147}
}

@article{Kupczok:2008bh,
author = {Kupczok, Anne and Haeseler, Arndt Von and Klaere, Steffen},
title = {{An Exact Algorithm for the Geodesic Distance between Phylogenetic Trees}},
journal = {Journal of Computational Biology},
year = {2008},
volume = {15},
number = {6},
pages = {577--591},
month = jul
}

@article{Billera:2001ii,
author = {Billera, Louis J. and Holmes, Susan P. and Vogtmann, Karen},
title = {{Geometry of the Space of Phylogenetic Trees}},
journal = {Advances in Applied Mathematics},
year = {2001},
volume = {27},
number = {4},
pages = {733--767}
}

@article{Sukumaran:2010id,
author = {Sukumaran, J and Holder, M T},
title = {{DendroPy: a Python library for phylogenetic computing}},
journal = {Bioinformatics},
year = {2010},
volume = {26},
number = {12},
pages = {1569--1571},
month = jun
}

@article{Guindon:2010gf,
author = {Guindon, St{\'e}phane and Dufayard, Jean-Fran{\c c}ois and Lefort, Vincent and Anisimova, Maria and Hordijk, Wim and Gascuel, Olivier},
title = {{New algorithms and methods to estimate maximum-likelihood phylogenies: assessing the performance of PhyML 3.0.}},
journal = {Systematic biology},
year = {2010},
volume = {59},
number = {3},
pages = {307--321},
month = may
}

@article{Loytynoja:2005cb,
author = {L{\"o}ytynoja, Ari and Goldman, Nick},
title = {{An algorithm for progressive multiple alignment of sequences with insertions.}},
journal = {Proceedings of the National Academy of Sciences of the United States of America},
year = {2005},
volume = {102},
number = {30},
pages = {10557--10562},
month = jul
}

@article{Kuhner:1994ub,
author = {Kuhner, M K and Felsenstein, J},
title = {{A simulation comparison of phylogeny algorithms under equal and unequal evolutionary rates.}},
journal = {Molecular biology and evolution},
year = {1994},
volume = {11},
number = {3},
pages = {459--468},
month = may
}

@article{Frey:2007hs,
author = {Frey, B J and Dueck, D},
title = {{Clustering by Passing Messages Between Data Points}},
journal = {Science},
year = {2007},
volume = {315},
number = {5814},
pages = {972--976},
month = feb
}

@article{Perona:2004tk,
author = {Perona, P and Zelnik-Manor, L.},
title = {{Self-tuning spectral clustering}},
journal = {Advances in neural information processing systems},
year = {2004},
volume = {17},
pages = {1601--1608}
}

@article{Ng:2002tj,
author = {Ng, A.Y. and Jordan, M.I. and Weiss, Y.},
title = {{On spectral clustering: Analysis and an algorithm}},
journal = {Advances in neural information processing systems},
year = {2002},
volume = {2},
pages = {849--856}
}



